<?xml version = "1.0" encoding = "UTF-8"?>
<x_server_response metalib_version="4.3.1 (602)">
<present_response>
<record xmlns="http://www.loc.gov/MARC21/slim"
xmlns:xsi="http://www.w3.org/2001/XMLSchema-instance"
xsi:schemaLocation="http://www.loc.gov/MARC21/slim
http://www.loc.gov/standards/marcxml/schema/MARC21slim.xsd">
<datafield tag="540" ind1=" " ind2=" ">
<subfield code="a">Copyright 1939 American Society of Church History</subfield>
</datafield>
<datafield tag="513" ind1=" " ind2=" ">
<subfield code="a">BRV</subfield>
</datafield>
<datafield tag="546" ind1=" " ind2=" ">
<subfield code="a">eng</subfield>
</datafield>
<datafield tag="260" ind1=" " ind2=" ">
<subfield code="b">American Society of Church History</subfield>
</datafield>
<datafield tag="TMP" ind1=" " ind2=" ">
<subfield code="a">ISSN: 00096407</subfield>
</datafield>
<datafield tag="TMP" ind1=" " ind2=" ">
<subfield code="a">URL: http://www.jstor.org/stable/3159945</subfield>
</datafield>
<datafield tag="245" ind1=" " ind2=" ">
<subfield code="a">Review: [untitled]</subfield>
</datafield>
<datafield tag="PAG" ind1="E" ind2="S">
<subfield code="a">pp. 296-297</subfield>
</datafield>
<datafield tag="362" ind1=" " ind2=" ">
<subfield code="a">1939-09-01</subfield>
</datafield>
<datafield tag="650" ind1=" " ind2=" ">
<subfield code="a">Teachings of the Prophet Joseph Smith</subfield>
</datafield>
<datafield tag="650" ind1=" " ind2=" ">
<subfield code="a">Joseph Smith</subfield>
</datafield>
<datafield tag="650" ind1=" " ind2=" ">
<subfield code="a">Joseph Fielding Smith</subfield>
</datafield>
<datafield tag="SID" ind1=" " ind2=" ">
<subfield code="a">WEBCONFIG_XML</subfield>
<subfield code="b">JSTOR_XML</subfield>
<subfield code="d">CAL08191</subfield>
<subfield code="i">000000</subfield>
<subfield code="j">000002</subfield>
<subfield code="s">036660</subfield>
<subfield code="t">JSTOR</subfield>
</datafield>
<controlfield tag="RAN">079</controlfield>
<datafield tag="022" ind1=" " ind2=" ">
<subfield code="a">00096407</subfield>
</datafield>
<datafield tag="856" ind1=" " ind2=" ">
<subfield code="u">http://www.jstor.org/stable/3159945</subfield>
</datafield>
<datafield tag="100" ind1="#" ind2="#">
<subfield code="a">Clifford M. Drury</subfield>
</datafield>
<datafield tag="773" ind1=" " ind2=" ">
<subfield code="a">Church History, Vol. 8, No. 3</subfield>
<subfield code="g">pp. 296-297</subfield>
</datafield>
<datafield tag="YR " ind1=" " ind2=" ">
<subfield code="a">1939</subfield>
</datafield>
<controlfield tag="SET">036660</controlfield>
<controlfield tag="SYS">010010987</controlfield>
<openURL>
<ctx:context-objects xmlns:ctx="info:ofi/fmt:xml:xsd:ctx" xmlns:xsi="http://www.w3.org/2001/XMLSchema-instance" xsi:schemaLocation="info:ofi/fmt:xml:xsd:ctx http://www.openurl.info/registry/docs/info:ofi/fmt:xml:xsd:ctx">
<ctx:context-object timestamp="2004-01-16T12:13:00Z" version="Z39.88-2004" identifier="123">
<ctx:referent>
<ctx:metadata-by-val>
<ctx:format>info:ofi/fmt:xml:xsd</ctx:format>
<ctx:metadata>
<rft:journal xmlns:rft="info:ofi/fmt:xml:xsd:journal" xsi:schemaLocation="info:ofi/fmt:xml:xsd:journal http://www.openurl.info/registry/docs/info:ofi/fmt:xml:xsd:journal">
<rft:author rank="1">
<rft:aulast>Drury</rft:aulast>
<rft:aufirst>Clifford</rft:aufirst>
<rft:auinit></rft:auinit>
</rft:author>
<rft:atitle>Review: [untitled]</rft:atitle>
<rft:jtitle>Church History,</rft:jtitle>
<rft:date>1939</rft:date>
<rft:volume>8</rft:volume>
<rft:issue>3</rft:issue>
<rft:spage>296</rft:spage>
<rft:epage>297</rft:epage>
<rft:genre></rft:genre>
<rft:issn>00096407</rft:issn>
<ctx:identifier>info:doi/</ctx:identifier>
<rft:sici></rft:sici>
<rft:opid></rft:opid>
</rft:journal>
</ctx:metadata>
</ctx:metadata-by-val>
<ctx:metadata-by-ref>
<ctx:format></ctx:format>
<ctx:location>http://metalib.calstate.edu:8331/X?OP=sfx-get-doc&amp;doc-number=010010987</ctx:location>
</ctx:metadata-by-ref>
</ctx:referent>
<ctx:referrer>
<ctx:identifier>info:sid/metalib.com:JSTOR_XML</ctx:identifier>
</ctx:referrer>
</ctx:context-object>
</ctx:context-objects>
</openURL>
</record>
<session_id new_session="N">SPBMXK2EPIF8HBKP4FTMEVGHBHD9BXM2SQL27B38RGLKC7CAVI</session_id>
</present_response>
</x_server_response>
 